@book{bertsekas2009convex,
  title={Convex optimization theory},
  author={Bertsekas, Dimitri},
  volume={1},
  year={2009},
  publisher={Athena Scientific}
}

@article{hanson1971bound,
  title={A bound on tail probabilities for quadratic forms in independent random variables},
  author={Hanson, David Lee and Wright, Farroll Tim},
  journal={The Annals of Mathematical Statistics},
  volume={42},
  number={3},
  pages={1079--1083},
  year={1971},
  publisher={JSTOR}
}

@article{adamczak2015note,
  title={A note on the Hanson-Wright inequality for random vectors with dependencies},
  author={Adamczak, Rados{\l}aw},
  year={2015},
  journal={Electronic Communications in Probability},
  volume={20},
  number={72},
  pages={1--13},
}
@inproceedings{borell1984taylor,
  title={On the Taylor series of a Wiener polynomial},
  author={Borell, Christer},
  booktitle={Seminar Notes on multiple stochastic integration, polynomial chaos and their integration. Case Western Reserve University, Cleveland},
  year={1984}
}
@article{arcones1993decoupling,
  title={On decoupling, series expansions, and tail behavior of chaos processes},
  author={Arcones, Miguel A and Gin{\'e}, Evarist},
  journal={Journal of Theoretical Probability},
  volume={6},
  number={1},
  pages={101--122},
  year={1993},
  publisher={Springer}
}
@article{adamczak2017moment,
  title={Moment estimates implied by modified log-Sobolev inequalities},
  author={Adamczak, Rados{\l}aw and Bednorz, Witold and Wolff, Pawe{\l}},
  journal={ESAIM: Probability and Statistics},
  volume={21},
  pages={467--494},
  year={2017}
}
@article{ledoux1988note,
  title={A note on large deviations for Wiener chaos},
  author={Ledoux, Michel},
  journal={S{\'e}minaire de probabilit{\'e}s de Strasbourg},
  volume={22},
  pages={249--259},
  year={1988}
}
@article{lochowski2006moment,
  title={Moment and tail estimates for multidimensional chaoses generated by symmetric random variables with logarithmically concave tails},
  author={Lochowski, R},
  journal={Banach Center Publications},
  volume={72},
  pages={161},
  year={2006},
  publisher={POLISH ACADEMY OF SCIENCES}
}
@article{fuk1973certain,
  title={Certain probabilistic inequalities for martingales},
  author={Fuk, Dao Ha},
  journal={Sibirskii Matematicheskii Zhurnal},
  volume={14},
  number={1},
  pages={185--193},
  year={1973}
}
@article{nagaev1979large,
  title={Large deviations of sums of independent random variables},
  author={Nagaev, Sergey V},
  journal={The Annals of Probability},
  pages={745--789},
  year={1979},
  publisher={JSTOR}
}
@article{rio2017fuknag,
  title={About the constants in the Fuk-Nagaev inequalities},
  author={Emmanuel Rio},
  year={2017},
  journal={Electronic Communications in Probability},
  volume={22},
  number={28},
  pages={1--12},
}
@article{rudelson2013hanson,
  title={Hanson-wright inequality and sub-gaussian concentration},
  author={Rudelson, Mark and Vershynin, Roman},
  year={2013}
}
@article{ledoux2005concentration,
  title={The concentration of measure phenomenon. ed. by peter landweber et al. vol. 89},
  author={Ledoux, Michel},
  journal={Mathematical Surveys and Monographs. Providence, Rhode Island: American Mathematical Society},
  pages={181},
  year={2005}
}


@article{talagrand1996new,
  title={A new look at independence},
  author={Talagrand, Michel},
  journal={The Annals of probability},
  pages={1--34},
  year={1996},
  publisher={JSTOR}
}

@article{gromov1983topological,
 title={A topological application of the isoperimetric inequality}, author={Gromov, Mikhael and Milman, Vitali D}, journal={American Journal of Mathematics}, volume={105}, number={4}, pages={843--854}, year={1983}, publisher={JSTOR} }

@ARTICLE{TAL95,
author = {Michel Talagrand},
title = {Concentration of measure and isoperimetric inequalities in product spaces},
year = 1995,
journal = {Publications mathématiques de l'IHÉS},
volume = 104,
pages={905--909}
}
@article{anderson1969series,
 title={Series and parallel addition of matrices}, author={Anderson Jr, William N and Duffin, Richard James}, journal={Journal of Mathematical Analysis and Applications}, volume={26}, number={3}, pages={576--594}, year={1969}, publisher={Elsevier} }

@article{anderson1978fenchel,
 title={Fenchel duality of nonlinear networks}, author={Anderson, W and Morley, T and Trapp, G}, journal={IEEE Transactions on Circuits and Systems}, volume={25}, number={9}, pages={762--765}, year={1978}, publisher={IEEE} }

@book{bauschke10convex,
 title={Convex Analysis and Monotone Operator Theory in Hilbert Spaces}, author={Bauschke, HH and Combettes, PL}, publisher={CMS books in mathematics, Springer}, year={2011} }

@article{gotze2021concentration,
 title={Concentration inequalities for bounded functionals via log-Sobolev-type inequalities}, author={G{\"o}tze, Friedrich and Sambale, Holger and Sinulis, Arthur}, journal={Journal of Theoretical Probability}, volume={34}, pages={1623--1652}, year={2021}, publisher={Springer} }

@article{latala2006estimates,
  title={Estimates of moments and tails of Gaussian chaoses},
  author={Lata{\l}a, Rafa{\l}},
  year={2006}
}

@article{adamczak2015concentration,
  title={Concentration inequalities for non-Lipschitz functions with bounded derivatives of higher order},
  author={Adamczak, Rados{\l}aw and Wolff, Pawe{\l}},
  journal={Probability Theory and Related Fields},
  volume={162},
  pages={531--586},
  year={2015},
  publisher={Springer}
}

@article{vu2002concentration,
  title={Concentration of non-Lipschitz functions and applications},
  author={Vu, Van H},
  journal={Random Structures \& Algorithms},
  volume={20},
  number={3},
  pages={262--316},
  year={2002},
  publisher={Wiley Online Library}
}

@article{gozlan2017kantorovich,
 title={Kantorovich duality for general transport costs and applications}, author={Gozlan, Nathael and Roberto, Cyril and Samson, Paul-Marie and Tetali, Prasad}, journal={Journal of Functional Analysis}, volume={273}, number={11}, pages={3327--3405}, year={2017}, publisher={Elsevier} }

@article{gozlan2018characterization,
  title={Characterization of a class of weak transport-entropy inequalities on the line},
  author={Gozlan, Nathael and Roberto, Cyril and Samson, Paul-Marie and Shu, Yan and Tetali, Prasad},
  year={2018}
}

@article{meckes2013concentration,
  title={Concentration and convergence rates for spectral measures of random matrices},
  author={Meckes, Elizabeth S and Meckes, Mark W},
  journal={Probability Theory and Related Fields},
  volume={156},
  pages={145--164},
  year={2013},
  publisher={Springer}
}

@book{guionnet2009large,
  title={Large random matrices},
  author={Guionnet, Alice},
  volume={36},
  year={2009},
  publisher={Springer Science \& Business Media}
}

@article{gotze2021concentration_poly,
  title={Concentration inequalities for polynomials in $\alpha$-sub-exponential random variables},
  author={G{\"o}tze, Friedrich and Sambale, Holger and Sinulis, Arthur},
  year={2021}
}
